@TECHREPORT{NIOSH:Bowyer,
  author       = {Bowyer, M.E. and Wertman, S.C. and Loflin, M.},
  title        = {{Career Captain Sustains Injuries at a 2-1/2 Story Apartment Fire then Dies at Hospital           
                 $-$ Illinois}},
  institution  = {{NIOSH Fire Fighter Fatality Investigation and Prevention Program}},
  type         = {{NIOSH F2012-28}},
  year         = {2013},
}

@BOOK{babrauskas1990,
  title        = {Heat release in fires},
  author       = {Babrauskas, V. and Grayson, S.},
  year         = {1990},
  publisher    = {Taylor \& Francis}
}

@TECHREPORT{barowy:texas,
  author       = {Barowy, A. and Madrzykowski, D.},
  title        = {Simulation of the Dynamics of a Wind-driven Fire in a Ranch-style House, Texas},
  institution  = {National Institute of Standards and Technology, Fire Research Division Engineering Laboratory},
  type         = {{TN 1729}},
  year         = {2012},
}

@INPROCEEDINGS{tsaidrysdale,
  author       = {Tsai, K.C. and Drysdale, D.},
  title        = {Upward flame spread: heat transfer to the unburned surface},
  booktitle    = {Fire Safety Science: Proceedings of the Seventh International Symposium, International Association for Fire Safety Science},
  pages        = {117--128},
  year         = {2002}
}

@ARTICLE{beal2009,
  author       = {Beal, C.M. and Fakhreddine, M. and Ezekoye, O.A.},
  title        = {Effects of leakage in simulations of positive pressure ventilation},
  journal      = {Fire technology},
  volume       = {45},
  number       = {3},
  pages        = {257--286},
  year         = {2009},
  publisher    = {Springer}
}

@MISC{nfpa2013standard,
  author       = {{NFPA$-$1971}},
  title        = {Standard on protective ensembles for structural fire fighting and proximity fire fighting},
  year         = {2013},
  publisher    = {National Fire Protection Association Quincy, MA}
}

@BOOK{mensch2011emergency,
  author       = {Mensch, A. and Bryner, N.},
  title        = {Emergency First Responder Respirator Thermal Characteristics: Workshop Proceedings},
  year         = {2011},
  publisher    = {US Department of Commerce, Engineering Laboratory, National Institute of Standards and Technology}
}

@MISC{designation2003c,
  author       = {Designation, ASTM},
  title        = {C 1055--03: Standard guide for heated system surface conditions that produce contact burn injuries},
  year         = {2003},
  publisher    = {ASTM}
}

@TECHREPORT{madrzykowski2009fire,
  author       = {Madrzykowski, D. and Kerber, S.},
  title        = {Fire fighting tactics under wind driven conditions: laboratory experiments},
  institution  = {National Institute of Standards and Technology, Fire Research Division Engineering Laboratory},
  type         = {{TN 1618}},
  year         = {2009},
}

@TECHREPORT{kerber2009fire,
  author       = {Kerber, S. and Madrzykowski, D.},
  title        = {Fire Fighting Tactics Under Wind Driven Fire Conditions: 7-Story Building Experiments},
  institution  = {National Institute of Standards and Technology, Fire Research Division Engineering Laboratory},
  type         = {{TN 1629}},
  year         = {2009},
}

@TECHREPORT{NIOSH:Pettit,
  author       = {Pettit, T.A. and Washenitz, F. and Cortez, K.},
  title        = {{Three Fire Fighters Die in a 10$-$Story High$-$Rise Apartment Building$–$New York}},
  institution  = {{NIOSH Fire Fighter Fatality Investigation and Prevention Program}},
  type         = {{NIOST 99$-$F01}},
  year         = {1999},
}

@TECHREPORT{NIOSH:Washenitz,
  author       = {Washenitz, F. and Braddee, R. and Pettit, T.A. and Schmidt, E.},
  title        = {{Two Fire Fighters Die and Two Are Injured in Townhouse Fire$—$District of Columbia}},
  institution  = {{NIOSH Fire Fighter Fatality Investigation and Prevention Program}},
  type         = {{NIOSH 99$-$F21}},
  year         = {1999},
}

@TECHREPORT{NIOSH:Mezzanotte,
  author       = {Mezzanotte, T.P and Schmidt, E. and Pettit, T.A. and Castillo, D.},
  title        = {{Structure Fire Claims the Lives of Three Career Fire Fighters and Three Children$–$Iowa}},
  institution  = {{NIOSH Fire Fighter Fatality Investigation and Prevention Program}},
  type         = {{NIOSH F2000-04}},
  year         = {2001},
}

@TECHREPORT{NIOSH:McFall,
  author       = {McFall, M. and Schmidt, E.},
  title        = {{Arson Fire Claims the Life of One Volunteer Fire Fighter and One Civilian and Severely Injures Another Volunteer Fire Fighter$–$Michigan}},
  institution  = {{NIOSH Fire Fighter Fatality Investigation and Prevention Program}},
  type         = {{NIOSH F2000-16}},
  year         = {2001},
}

@TECHREPORT{NIOSH:McFall2,
  author       = {McFall, M. and Braddee, R. and Mezzanotte, T.},
  title        = {{Career Fire Fighter Dies and Three Are Injured In a Residential Garage Fire$-$Utah}},
  institution  = {{NIOSH Fire Fighter Fatality Investigation and Prevention Program}},
  type         = {{NIOSH F2000-23}},
  year         = {2000},
}

@TECHREPORT{NIOSH:McFall3,
  author       = {McFall, M.},
  title        = {{A Volunteer Assistant Chief Was Seriously Injured and Two Volunteer Fire Fighters Were Injured While Fighting a Townhouse Fire$–$Delaware}},
  institution  = {{NIOSH Fire Fighter Fatality Investigation and Prevention Program}},
  type         = {{NIOSH F2000-43}},
  year         = {2001},
}

@TECHREPORT{NIOSH:Berardinelli,
  author       = {Berardinelli, S. and Oerter, B. and Tarley, J. and Merinar, T.},
  title        = {{Career Battalion Chief and Career Master Fire Fighter Die and Twenty$-$Nine Career Fire Fighters are Injured during a Five Alarm Church Fire$-$Pennsylvania}},
  institution  = {{NIOSH Fire Fighter Fatality Investigation and Prevention Program}},
  type         = {{NIOSH F2004-02}},
  year         = {2006},
}

@TECHREPORT{NIOSH:Koedam,
  author       = {Koedam, R.E. and Merinar, T. and Bowyer, M.},
  title        = {{One Probationary Career Firefighter Dies and Four Career Firefighters are Injured 
at a Two$-$Alarm Residential Structure Fire$-$Texas}},
  institution  = {{NIOSH Fire Fighter Fatality Investigation and Prevention Program}},
  type         = {{NIOSH F2005-02}},
  year         = {2007},
}

@TECHREPORT{NIOSH:McFall4,
  author       = {McFall, M. and Lutz, V. and Berardinelli, S.},
  title        = {{Career Fire Fighter Dies While Exiting Residential Basement Fire$-$New York}},
  institution  = {{NIOSH Fire Fighter Fatality Investigation and Prevention Program}},
  type         = {{NIOSH F2005-04}},
  year         = {2006},
}

@TECHREPORT{NIOSH:Tarley,
  author       = {Tarley, J. and Berardinelli, S. and Merinar, T.},
  title        = {{Career Probationary Fire Fighter Dies While Participating in a Live$-$Fire 
Training Evolution at an Acquired Structure$-$Maryland}},
  institution  = {{NIOSH Fire Fighter Fatality Investigation and Prevention Program}},
  type         = {{NIOSH F2007-09}},
  year         = {2008},
}

@TECHREPORT{NIOSH:Braddee,
  author       = {Braddee, R. and Bowyer, M. and Berardinelli, S.},
  title        = {{Four Career Fire Fighters Injured While Providing Interior Exposure Protection at a Row House Fire$–$District of Columbia}},
  institution  = {{NIOSH Fire Fighter Fatality Investigation and Prevention Program}},
  type         = {{NIOSH F2007-35}},
  year         = {2008},
}

@TECHREPORT{NIOSH:Merinar,
  author       = {Merinar, T. and Tarley, J. and Miles, S.T.},
  title        = {{Career Probationary Fire Fighter and Captain Die as a Result of Rapid 
Fire Progression in a Wind-Driven Residential Structure Fire$–$Texas}},
  institution  = {{NIOSH Fire Fighter Fatality Investigation and Prevention Program}},
  type         = {{NIOSH F2009-11}},
  year         = {2010},
}

@TECHREPORT{NIOSH:Bowyer2,
  author       = {Bowyer, M. and Loflin, M.},
  title        = {{A Career Lieutenant and Fire Fighter/Paramedic Die in a 
Hillside Residential House Fire$–$California}},
  institution  = {{NIOSH Fire Fighter Fatality Investigation and Prevention Program}},
  type         = {{NIOSH F2011-13}},
  year         = {2012},
}

@TECHREPORT{NIOSH:Loflin,
  author       = {Loflin, M. and Hales, T. and Miles, S.T. },
  title        = {{Career Fire Fighter Dies during Fire-Fighting Operations at a 
Multi-family Residential Structure Fire$-$Massachusetts}},
  institution  = {{NIOSH Fire Fighter Fatality Investigation and Prevention Program}},
  type         = {{NIOSH F2011-31}},
  year         = {2013},
}

@article{WAKILI2007,
  author       = {Wakili, K Ghazi and Hugi, E and Wullschleger, L and Frank, TH},
  title        = {Gypsum board in fire—modeling and experimental validation},
  journal      = {Journal of Fire Sciences},
  volume       = {25},
  number       = {3},
  pages        = {267--282},
  year         = {2007},
  publisher    = {Sage Publications}
}