@INBOOK{SFPE:Tewarson,
  author       = {Tewarson, A.},
  title        = {SFPE Handbook of Fire Protection Engineering},
  chapter      = {{Generation of Heat and Gaseous, Liquid, and Solid Products in Fires}},
  publisher    = {National Fire Protection Association},
  year         = {2008},
  edition      = {Fourth},
  address      = {Quincy, Massachusetts},
}

@MISC{Leeds:PVC,
  author       = {Al-Sayegh, W.A. and Aljumaiah, O. and Andrews, G.E. and Phylaktou, H.N.},
  title        = {Electrical Cable Fires using the Cone Calorimter for Toxic Gas Investigations},
  year         = {2010},
  publisher    = {University of Leeds},
}

@BOOK{Madrzykowski1998,
  title        = {Demonstration Of Biodegradable, Environmentally Safe, Non-Toxic Fire Suppression Liquids},
  author       = {Madrzykowski, Daniel and Stroup, David W},
  year         = {1998},
  publisher    = {National Institute of Standards and Technology, Building and Fire Research Laboratory},
}

@OTHER{Madrzykowski2013,
   title      = {{Group A Commodity Tests}},
   author     = {Madrzykowski, Daniel},
   year       = {2013};
   publisher  = {NYU-Poly: Alive Program},
   note       = {pending},  
}

@ARTICLE{Bryner1991,
  title        = {Smoke emission and burning rates for urban structures},
  author       = {Bryner, Nelson P and Mulholland, George W},
  journal      = {Atmospheric Environment. Part A. General Topics},
  volume       = {25},
  number       = {11},
  pages        = {2553--2562},
  year         = {1991},
  publisher    = {Elsevier},
}

@ARTICLE{Persson1998,
  title        = {Fire emissions into the atmosphere},
  author       = {Persson, Bror and Simonson, Margaret},
  journal      = {Fire technology},
  volume       = {34},
  number       = {3},
  pages        = {266--279},
  year         = {1998},
  publisher    = {Springer}
}

