@book{Asseal:2010,
   author = {Asseal, M.J.and Kakosimos, M.E.},
   title = {{Fires, Explosions, and Toxic Gas Dispersions:Effects Calculations and Risk Analysis}},
   year = {2010},
   publisher = {CRC Press},
   location = {Boca Raton, FL}
   }


@article{Babrauskas:1984,
	 author = {Babrauskas, V.},
	 title = {{Development of the Cone Calorimeter: A Bench Scale Heat Release Rate Apparatus Based on Oxygen Consumption}},
	 journal = {Journal of Fire and Materials},
	 year = {1984},
	 volume = {8},
	 pages = {81-95}
}

@INPROCEEDINGS{Back:IAFSS4,
  author       = {Back, G. and Beyler, C. and DiNenno, P. and Tatem, P.},
  title        = {{Wall Incident Heat Flux Distributions Resulting from an Adjacent Fire}},
  booktitle    = {Fire Safety Science -- Proceedings of the Fourth International Symposium},
  year         = {1994},
  pages        = {241-252},
  publisher    = "International Association of Fire Safety Science",
}

@techreport{Beyler:1999,
   author = {Beyler,C.L.},
   title = {{Assessing Flame Radiation to External Targets from Pool Fires}},
   type = {SFPE Engineering Guide},
   institution = {Society of Fire Protection Engineers},
   address = {Bethesda, Maryland}
   month = {June}
   year = {1999},
}

@techreport{Lawson:1977,
	 author = {J.R. Lawson},
	 title = {{An Evaluation of Fire Properties of Generic Gypsum Board Products}},
   type = {NBS IR},
	 institution = {National Bureau of Standards (now NIST)},
	 year = {1977},
   number = {77-1265},
   location = {Gaithersburg, Maryland},
}

@MISC{USGS:2015,
	 author       = {USGS},
	 title        = {Gypsum Statistics and Information},
	 institution  = {USGS},
	 howpublished = {\\http://minerals.usgs.gov/minerals/pubs/commodity/gypsum/},
	 year         = {2015},
}

@manual{GA:2010,
	author = {Gypsum Association},
	title = {{Gypsum Board Typical, Mechanical and Physical Properties}},
	year = {2010},
	subtitle = {GA-235-10},
}

@manual{ASTM_E1355,
   author = {ASTM International},
   title = {{ASTM E1355-12, Standard Guide for Evaluating the Predictive Capability of Deterministic Fire Models}},
   year = {2012},
   location = {West Conshohocken, Pennsylvania},
}

@techreport{Fire_Safety_Framework,
   title = {Fire Safety Framework},
   type = {Report}
}

@misc{Wilson_LODD,
   title = {Technician I Kyle Wilson LODD Report},
   howpublished = {http://www.pwcgov.org/government/dept/FR/Documents/LODDInvestigativeReport.pdf},
   year = {2007},
   type = {Online Multimedia},
}

@misc{Weather_Station_History,
   title = {{Weather Station History | Weather Underground}},
   howpublished = { http://www.wunderground.com/weatherstation/WXDailyHistory.asp?ID=KNYBROOK37&month=12&day=19&year=2011},
   type = {Electronic Article},
}

@misc{Anatomy:1982,
   title = {{Anatomy of a Fire}},
   year = {1982},
   type = {Film or Broadcast},
}

@proceedings{America_Burning_Revisited,
   title = {{America Burning Revisited, National Workshop}},
   address = {Tyson's Corner, Virginia},
   organization = {U.S. Fire Administration, Federal Emergency Management Agency},
   month = {November},
   year = {1997}
}

@manual{Mettler,
   title = {{National Type Evaluation Program, Certificate Number 00-075A1}},
   organization = {Mettler-Toledo},
   address = {Worthington, Ohio},
   year = {2002}
}

@misc{NFPA_72,
   title = {{NFPA 72, National Fire Alarm Code}},
   publisher = {{National Fire Protection Association (NFPA)}},
   year = {2002},
   type = {Generic}
}

@techreport{RAC:2002,
   title = {{Recommendations of The Research Advisory Council on Post-fire Analysis}},
   month = {February},
   year = {2002},
   type = {Report}
}

@techreport{BRE:2004,
   title = {{Experimental research for Scottish Building Standards Agency following the fire at the Rosepark Care Home 31st January 2004}},
   institution = {Building Research Establishment Ltd â€“ Fire Safety Framework},
   year = {2004},
   type = {Report}
}

@book{Fire_Investigation,
   author = {David, N.N.},
   title = {{Fire Investigation}},
   year = {2004},
   publisher = {CRC Press},
   location = {Boca Raton},
}

@manual{ASTM_E84,
   title = {{Standard Test Method for Surface Burning Characteristics of Building Materials}},
   year = {2004},
   type = {Generic},
   organization = {ASTM International},
   ISBN = {ASTM E84-04},
}

@book{Temperature_Handbook,
   author = {Omega Engineering Inc},
   title = {{The Temperature Handbook}},
   year = {2004},
   publisher = {Omega Engineering Inc.},
   location = {Stamford, CT}
}

@inproceedings{ICC,
   editor = {International Code Council, Inc.},
   title = {{International Residential Code for One- and Two-Family Dwellings}},
   year = {2006},
   publisher = {International Code Council, Inc.},
   location = {Country Club Hills, IL},
   type = {Conference Proceedings},
}

@manual{NFPA_1971,
   author = {NFPA},
   title = {{NFPA 1971: Standard on Protective Ensembles for Structural Fire Fighting and Proximity Fire Fighting}},
   year = {2007},
   publisher = {{National Fire Protection Association (NFPA)}},
   location = {Quincy, MA},
}

@techreport{NIOSH:2008,
	 author = {National Institute for Occupational Safety and Health},
	 title = {{Career Fire Fighter Dies in Wind Driven Residential Structure Fire - Virginia}},
	 type = {Report},
   institution = {National Institute for Occupational Safety and Health},
   year = {2008},
   location = {Morgantown, WV},
}

@misc{Gypsum,
   author = {United States Gypsum Company},
   title = {{Material Safety Data Sheet (MSDS): Sheetrock Gypsum Panels}},
   year = {June 2008},
   howpublished = {www.usg.com},
   type = {Chart or Table},
}

@book{SFPE_Handbook:2008,
   author = {Society of Fire Protection Engineers},
   title = {{SFPE Handbook of Fire Protection Engineering}},
   year = {2008},
   edition = {4th ed},
   location = {Bethesda, MD.},
}

@manual{FDS_Users_Guide,
  author = {K. McGrattan and S. Hostikka and R. McDermott and J. Floyd and C. Weinschenk and K. Overholt},
  title = {{Fire Dynamics Simulator, User's Guide}},
  organization = {National Institute of Standards and Technology, Gaithersburg, Maryland, USA, and VTT Technical Research Centre of Finland, Espoo, Finland},
  year = 2016,
  month = {April},
  type   = {NIST Special Publication},
  number = 1019,
  edition = {sixth}
  }

@MISC{FDS-SMV_repository,
  howpublished = {{\tt https://github.com/firemodels/fds-smv}},
}

@manual{FDS_Tech_Guide,
  author = {K. McGrattan and S. Hostikka and R. McDermott and J. Floyd and C. Weinschenk and K. Overholt},
  title = {{Fire Dynamics Simulator, Technical Reference Guide}},
  organization = {National Institute of Standards and Technology, Gaithersburg, Maryland, USA, and VTT Technical Research Centre of Finland, Espoo, Finland},
  year = 2016,
  month = {April},
  type   = {NIST Special Publication},
  number = 1018,
  edition = {sixth},
  note = {Vol.~1: Mathematical Model; Vol.~2: Verification Guide; Vol.~3: Validation Guide; Vol.~4: Configuration Management Plan}
  }

@manual{FDS_Math_Guide,
  author = {K. McGrattan and S. Hostikka and R. McDermott and J. Floyd and C. Weinschenk and K. Overholt},
  title = {{Fire Dynamics Simulator, Technical Reference Guide, Volume 1: Mathematical Model}},
  organization = "National Institute of Standards and Technology, Gaithersburg, Maryland, USA, and VTT Technical Research Centre of Finland, Espoo, Finland",
  year = 2016,
  month = "April",
  type   = "NIST Special Publication",
  number = "1018-1",
  edition = {sixth}
  }

@manual{FDS_Verification_Guide,
  author = {K. McGrattan and S. Hostikka and R. McDermott and J. Floyd and C. Weinschenk and K. Overholt},
  title = {{Fire Dynamics Simulator, Technical Reference Guide, Volume 2: Verification}},
  organization = "National Institute of Standards and Technology, Gaithersburg, Maryland, USA, and VTT Technical Research Centre of Finland, Espoo, Finland",
  year = 2016,
  month = "April",
  type   = "NIST Special Publication",
  number = "1018-2",
  edition = {sixth}
}

@manual{FDS_Validation_Guide,
  author = {K. McGrattan and S. Hostikka and R. McDermott and J. Floyd and C. Weinschenk and K. Overholt},
  title = {{Fire Dynamics Simulator, Technical Reference Guide, Volume 3: Validation}},
  organization = "National Institute of Standards and Technology, Gaithersburg, Maryland, USA, and VTT Technical Research Centre of Finland, Espoo, Finland",
  year = 2016,
  month = "April",
  type   = "NIST Special Publication",
  number = "1018-3",
  edition = {sixth}
  }

@manual{FDS_Configuration_Management_Plan,
  author = {K. McGrattan and S. Hostikka and R. McDermott and J. Floyd and C. Weinschenk and K. Overholt},
  title = {{Fire Dynamics Simulator, Technical Reference Guide, Volume 4: Configuration Management Plan}},
  organization = "National Institute of Standards and Technology, Gaithersburg, Maryland, USA, and VTT Technical Research Centre of Finland, Espoo, Finland",
  year = 2016,
  month = "April",
  type   = "NIST Special Publication",
  number = "1018-4",
  edition = {sixth}
  }

@manual{Smokeview_Verification_Guide,
  author = {Forney, G.P.},
  title = {{Smokeview, A Tool for Visualizing Fire Dynamics Simulation Data,
  Volume III: Verification Guide}},
  institution = {National Institute of Standards and Technology},
  year = 2016,
  month = April,
  type   = {NIST Special Publication},
  number = {1017-3},
  edition = {sixth}
  address = {Gaithersburg, Maryland},
  }

@manual{Defelsko,
  title = {{PosiTector 200, Instruction Manual V. 2.0, Ultrasonic Coating Thickness Gage}},
  year = {2006},
  organization = {{DeFelsko Corporation}},
  location = {{Ogdensburg, NY}},
}

%%% SV technical guide

@manual{Smokeview_Tech_Guide,
  author = {Forney, G.P.},
  title = {{Smokeview, A Tool for Visualizing Fire Dynamics Simulation Data, Volume II: Technical Reference Guide}},
  institution = {National Institute of Standards and Technology},
  year = 2016,
  month = April,
  type   = {NIST Special Publication},
  number = {1017-2},
  edition = {sixth}
  address = {Gaithersburg, Maryland}
  }

@manual{Smokeview_Users_Guide,
  author = {Forney, G.P.},
  title = {{Smokeview, A Tool for Visualizing Fire Dynamics Simulation Data, Volume I: User's Guide}},
  institution = {National Institute of Standards and Technology},
  year = 2016,
  month = April,
  type   = {NIST Special Publication},
  number = {1017-1},
  edition = {sixth}
  address = {Gaithersburg, Maryland}
  }

@manual{ASTM_E603,
   title = {{ASTM E603: Standard Guide for Room Fire Experiments}},
   year = {2008},
   organization = {ASTM International},
   location = {West Conshohocken, Pennsylvania},
}

@manual{ASTM_E2067,
   title = {{ASTM E2067, Standard Practice for Full-Scale Oxygen Consumption Calorimetry Fire Tests}},
   year = {2008},
   organization = {ASTM International},
   location = {West Conshohocken, Pennsylvania},
}

@manual{ASTM_C1396,
   title = {{ASTM C1396, Standard Specification for Gypsum Board}},
   year = {2008},
   organization = {ASTM International},
   location = {West Conshohocken, Pennsylvania},
}

@manual{ASTM_E176,
   title = {{ASTM E176, Standard Terminology of Fire Standards}},
   year = {2008},
   organization = {ASTM International},
   location = {West Conshohocken, Pennsylvania},
}

@manual{ASTM_E648,
   title = {{ASTM E648, Standard Test Method for Critical Radiant Flux of Floor-Covering Systems using a Radiant Heat Energy Source}},
   year = {2008},
   organization = {ASTM International},
   location = {West Conshohocken, Pennsylvania},
}

@manual{ASTM_E1321,
   title = {{ASTM E1321, Standard Test Method for Determining Material Ignition and Flame Spread Properties}},
   year = {2008},
   organization = {ASTM International},
   location = {West Conshohocken, Pennsylvania},
}

@manual{ASTM_E162,
   title = {{ASTM E162, Standard Test Method for Surface Flammability of Materials Using a Radiant Heat Energy Source}},
   year = {2013},
   organization = {ASTM International},
   location = {West Conshohocken, Pennsylvania},
}

@manual{ASTM_E1354,
   title = {{ASTM E1354, Standard Test Method for Heat and Visible Smoke Release Rates for Materials and Products Using an Oxygen Consumption Calorimeter}},
   year = {2008},
   organization = {ASTM International},
   location = {West Conshohocken, Pennsylvania},
}

@inbook{SFPE_Handbook_Data,
   author = {SFPE},
   title = {SFPE Handbook of Fire Protection Engineering},
   booktitle = {{Thermophysical Property Data, Appendix B}},
   year = {2008},
   publisher = {NFPA},
   location = {Quincy, MA},
   pages = {A-33},
}

@misc{State:2009,
   title = {{State Fire Marshal's Office Fire Fighter Fatality Investigation}},
   type = {Case},
   year = {2009},
   DOI = {FY09-01},
}

@book{Forensic:2009,
   author = {National Research Council of the National Academies},
   title = {{Strengthening Forensic Science in the United States, A Path Forward}},
   year = {2009},
   publisher = {National Research Council of the National Academies},
   location = {Washington D.C.},
}

@misc{Crime:2010,
   title = {{Crime in the United States}},
   year = {2010},
   howpublished = {\url {http://www.fbi.gov/about-us/cjis/ucr/crime-in-the-u.s/2010/crime-in-the-u.s.-2010/property-crime/arsonmain}},
   type = {Web Page},
   note = {Accessed: 2015-01-30},
   organization= {FBI},
}

@book{Moisture:2010,
   author = {Forest Products Laboratory},
   title = {{Moisture Relations and Physical Properties of Wood, in Centennial edition of Wood handbook, Wood as an Engineering Material}},
   year = {2010},
   publisher = {Forest Products Laboratory},
   location = {Madison, WI},
}

@misc{Toolbox:2011,
   title = {{Thermal Conductivity}},
   year = {April 2011},
   howpublished = {http://www.engineeringtoolbox.com/thermal-conductivity-d_429.html},
   type = {Online Multimedia}
}

@misc{Fiberglass,
   title = {{Fiberglas Insulation k values}},
   year = {April 2011},
   howpublished = {http://www.engineeringtoolbox.com/fiberglas-insulation-k-values-d_1172.html},
   type = {Online Multimedia}
}

@techreport{SFPE_Model:2011,
   author = {Society of Fire Protection Engineers},
   title = {{Guidlines for Substantiating a Fire Model for a Given Application}},
   type = {Report},
   institution = {Society of Fire Protection Engineers},
   year = {2011},
   ISBN = {978-0-9830391-0-5},
}

@techreport{FEMA:2013,
   title = {{The Five E's of Prevention â€” A New Approach}},
   year = {2013},
   howpublished = {{\tt http://www.usfa.fema.gov/downloads/pdf/coffee-break/fm/fm\_2013\_13.pdf}},
   type = {Report},
   number = {FM-2013-13},
   institution = {{Federal Emergency Management Agency (FEMA)}},
}

@article{Climate:2014,
   author = {The Geneva Association Staff},
   title = {{Fire and Climate Risk}},
   journal = {World Fire Statistics},
   year = {April 2014},
   volume = {29},
   pages = {18},
   url = {\tt https://www.genevaassociation.org/media/874729/ga2014-wfs29.pdf},
}


@manual{NFPA:921,
   title = {{NFPA 921, Guide for Fire and Explosion Investigations}},
   year = {2014},
   type = {Standard},
   organization = {National Fire Protection Association},
   location = {Quincy, Massachusetts},
}

@techreport{WHO:2014,
   author = {C. Mock and M. Peck and M. Peden and E. Krug},
   title = {{A WHO Plan for Burn Prevention and Care}},
   type = {Fact sheet number 365},
   institution = {{World Health Organization (WHO)}},
   year = {2008},
   location = {Geneva, Switzerland},
}

@misc{Foam,
   author = {Polyurethane Foam Association},
   title = {{Flexible Polyurethane Foam: Industry at a Glance}},
   year = {2015},
   howpublished = {{\tt http://www.pfa.org/Library/IAG\_no\_logo.pdf}},
   type = {Web Page},
   organization = {{Polyurethane Foam Assn, Inc}},
}

@misc{Polyurethane_Foam,
   title = {{In Touch, Information on Flexible Polyurethane Foam}},
   year = {1992},
   howpublished = {{\tt http://www.pfa.org/intouch/pdf/IntouchV11\_1\_read.pdf}},
   type = {Electronic Article},
   organization = {Polyurethane Foam Assn, Inc.},
   note = {{Vol. 2, No. 3}},
}

@misc{Latex_Primer,
   title = {{78200 FASTHIDE INT LATEX PRIMER,MSDS}},
   year = {2015},
   howpublished = {{https://buyat.ppg.com/EHSDocumentManagerPublic}},
   type = {Electronic Article},
   organization = {PPG Industries, Inc.},
   note = {{78200}},
}


@misc{Latex_Paint,
   title = {{78010 OLYMPIC FASTHIDE INTERIOR FLAT-WHITE,MSDS}},
   year = {2016},
   howpublished = {{https://buyat.ppg.com/EHSDocumentManagerPublic}},
   type = {Electronic Article},
   organization = {PPG Industries, Inc.},
   note = {{78010}},
}


@inproceedings{Carmen_2008,
	author = {Carmen, S.},
	Title = {Burn Pattern Development in Post-Flashover Fires},
	Booktitle = {International Symposium on Fire Investigations},
	Organization = {Investigations Institute},
	Year = {2008},
}

@article{Tinsley_2013,
	author = {Tinsley, A. and Gorbett, G.},
	title = {Fire Investigation Origin Determination Survey},
	Journal = {Fire and Arson Investigator: Journal of the International Association of
	Arson Investigators},
	Year = {2013},
	Volume = {63},
	Pages = {24-40},
}

@inproceedings{Icove_2014,
	author = {Icove, D. J. and Hargrove, T.K.},
	Title = {Project Arson: Uncovering The True Arson Rate In The United States},
	Booktitle = {International Symposium on Fire Investigation Science and Technology},
	Month = {September},
	Year = {2014},
	Organization = {National Association of Fire Investigators},
}

@article{Gorbett_2015,
	author = {G.E. Gorbett and B.J. Meacham and C.B. Wood and N.A. Dembsey},
	title = {{Use of Damage in Fire Investigation: a review of fire patterns analysis, research, and future direction}},
	Year = {2015},
  Journal = {Fire Science Reviews},
	howpublished = {{http://www.firesciencereviews.com/}},
	note = {in press},
}


@techreport{NIOSH:Texas,
   author = {The National Institute for Occupational Safety and Health},
   title = {{Career Probationary Fire Fighter and Captain Die as a Result of Rapid Fire Progression in a Wind-Driven Residential Structure Fire - Texas}},
   type = {Report},
   institution = {The National Institute for Occupational Safety and Health},
   year = {April 8, 2010.},
}

@misc{Ogden,
   title = {{Ogden Manufacturing Company}},
   year = {April 2011},
   howpublished = {http://www.ogdenmfg.com/pdf/tech9.pdf.},
   type = {Online Multimedia}
}

@techreport{Ahrens:2011,
   author = {Ahrens, M.},
   title = {{Home Fires That Began with Upholstered Furniture}},
   type = {Report},
   institution = {{National Fire Protection Agency (NFPA)}},
   year = {August 2011},
   howpublished = {http://www.nfpa.org/research/reports-and-statistics/fire-causes/household-products/upholstered-furniture},
}

@book{Almirall:2004,
   author = {Almirall, J. and Furton, K.},
   title = {{Analysis and Interpretation of Fire Scene Evidence}},
   year = {2004},
   publisher = {CRC Press},
   location = {Boca Raton, FL},
}

@inproceedings{Babrauskas:Interflam,
   author = {Babrauskas, V.},
   editor = {Interscience Communications Ltd.},
   title = {{Specimen Heat Fluxes for Bench-Scale Heat Release Rate Testing, Fire and Materials}},
   booktitle = {Fire Safety, International Interflam Conference, 6th},
   year = {1993},
   publisher = {Interscience Communications Ltd.},
   location = {London, England},
   pages = {57-74},
   type = {Conference Proceedings}
}

@book{Babrauskas:2003,
   author = {Babrauskas, V.},
   title = {{Ignition Handbook}},
   year = {2003},
   publisher = {Fire Science Publishers},
   location = {Issaquah, WA},
}

@techreport{Babrauskas:1985,
   author = {Babrauskas, V. and Krasny, J.},
   title = {{Fire Behavior of Upholstered Furniture}},
   type = {NBS Monograph},
   institution = {{National Bureau of Standards}},
   year = {1985},
   number = {173},
   location = {Gaithersburg, Maryland},
}

@techreport{Babrauskas:1982,
   author = {Babrauskas, V. and Lawson, J.R. and Walton, W.D. and Twilley, W.H.},
   title = {{Upholstered Furniture Heat Release Rates Measured with a Furniture Calorimeter}},
   type = {NBSIR},
   institution = {{National Bureau of Standards}},
   year = {1982},
   number = {82-2604},
   location = {Gaithersburg, Maryland},
}


@techreport{Babrauskas:1981,
   author = {Babrauskas, V.},
   title = {{Will the Second Item Ignite?}},
   type = {NBSIR},
   institution = {{National Bureau of Standards}},
   year = {1981},
   number = {81-2271},
   location = {Gaithersburg, Maryland},
}

@article{Babrauskas:1992,
   author = {Babrauskas, V. and Peacock, R.},
   title = {{Heat Release Rate: The Single Most Important Variable in Fire Hazard}},
   journaltitle = {Fire Safety Journal},
   year = {1992},
   volume = {18},
   pages = {255-272},
}

@article{Babrauskas:1978,
   author = {Babrauskas, V. and Williamson, R.B.},
   title = {{Post flashover compartment fires: basis of a theoretical model}},
   journaltitle = {Fire and Materials},
   year = {1978},
   volume = {2},
   pages = {39-53},
}

@inproceedings{Back,
   author = {Back, G. and Beyler, C. and DiNenno, P. and Tatem, P.},
   editor = {International Association for Fire Safety Science},
   title = {{Wall Incident Heat Flux Distributions Resulting from an Adjacent Fire}},
   booktitle = {Fire Safety Science},
   year = {1994},
   volume = {4},
   pages = {pp. 241-252},
   doi = {10.3801},
}

@techreport{Barowy:2009,
   author = {Barowy, A. and Madrzykowski , D.},
   title = {{Simulation of the dynamics of a wind-driven fire in a single-story ranch-style houseâ€”Texas}},
   type = {NIST Technical Note},
   institution = {National Institute of Standards and Technology},
   year = {2009},
   location = {Gaithersburg, Maryland},
}

@techreport{Barowy:2012,
   author = {Barowy, A. and Madrzykowski, D.},
   title = {{Simulation of the Dynamics of a Wind-Driven Fire in a Ranch-Style House - Texas}},
   type = {NIST Technical Note},
   institution = {National Institute of Standards and Technology},
   year = {2012},
   location = {Gaithersburg, Maryland},
   number = {1729},
}

@techreport{Benjamin:1975},
author = {Benjamin, I.A. and Adams, C.H.},
   title = {{Proposed criteria for use of the critical radiant flux test method}},
   type = {NBS Internal Report},
   institution = {National Institute of Standards and Technology, formerly National Bureau of Standards},
   year = {1975},
   location = {Gaithersburg, Maryland},
   number = {950},
}    


@inproceedings{Berna:2012,
   author = {F. Berna and P. Goldberg and L. Horwitz and J. Brinkd and S. Holt and M. Bamford and M. Chazan},
   editor = {Donald K. Grayson},
   title = {{Microstratigraphic evidence of in situ fire in the Acheulean strata of Wonderwerk Cave, Northern Cape province, South Africa}},
   booktitle = {{Proceedings of the National Academy of Sciences of the United States of America}},
   year = {2012}
}

@techreport{Beyler:2000,
   author = {C.L. Beyler},
   title = {{Modeling Fire Growth in Room/Corner Configurations}},
   type = {NIST GCR},
   institution = {National Institute of Standards and Technology},
   year = {2000},
   location = {Gaithersburg, Maryland},
   number = {6588},
   month = {November},
}

@article{Beyler:1986,
   author = {Beyler, C.L.},
   title = {{Fire Plumes and Ceiling Jets}},
   journaltitle = {Fire Safety Journal},
   year = {1986},
   volume = {11},
   pages = {53-75},
}

@techreport{Beyler:2009,
   author = {C.L. Beyler},
   title = {{Analysis of the Fire Investigation Methods and Procedures Used in the Criminal Arson Cases Against Ernest Ray Willis and Cameron Todd Willingham}},
   institution = {Hughes Associates, Inc.},
   year = {August 17 2009},
   location = {Baltimore, Maryland},
}

@techreport{Beyler:1997,
   author = {C.L. Beyler and F.W. Williams},
   title = {{Upward Flame Spread on Vertical Surfaces}},
   type = {NIST GCR},
   institution = {National Institute of Standards and Technology},
   year = {June 1997},
   location = {Gaithersburg, Maryland},
   number = {6030},
}

@article{Bilbao:1996,
   author = {Bilbao, R. and Mastral, J. and Ceamanos, J. and Aldea, M.},
   title = {{Kinetics of the Thermal Decomposition of Polyurethane Foams in Nitrogen and Air Atmospheres}},
   journaltitle = {Journal of Analytical and Applied Pyrolysis},
   year = {1996},
   volume = {37},
   pages = {69-82},
}

@inproceedings{Blevins:1999,
   author = {Blevins, L.G.},
   editor = {National Institute of Standards and Technology},
   title = {{Behavior of Bare and Aspirated Thermocouples in Compartment Fires}},
   booktitle = {Proceedings of the 33rd National Heat Transfer Conference, HTD99-280},
   year = {1999},
   location = {Albuqueque, New Mexico},
}

@article{Bryant:2003,
   author = {Bryant, R. and Womeldorf, C. and Johnsson, E. and Ohlemiller, T.},
   title = {{Radiative heat flux measurement uncertainty}},
   journaltitle = {Fire and Materials},
   year = {2003},volume = {27},
   pages = {209-222},
}

@article{Bryant:2008,
   author = {Bryant, R.A. and Mulholland, G.W.},
   title = {{A Guide to characterizing heat release rate measurement uncertainty for full-scall fire tests}},
   journaltitle = {Fire and Materials},
   year = {2008},
   volume = {32},
   pages = {121-139},
}

@techreport{Bryant:2003,
   author = {Bryant, R.A. and Ohlemiller, T.J. and Johnsson, E.L. and Hamins, A.H. and Grove, B.S. and Guthrie, W.F. and Maranghides, A. and Mulholland, G.W.},
   title = {{The NIST 3~MW Quantitative Heat Release Rate Facility}},
   type = {NIST Special Publication},
   institution = {National Institute of Standards and Technology},
   year = {2003},
   number = {1007},
   location = {Gaithersburg, Maryland},
}

@techreport{Bryant:2004,
   author = {Bryant, R.A. and Ohlemiller, T.J. and Johnsson, E.L. and Hamins, A.H. and Grove, B.S. and Guthrie, W.F. and Maranghides, A. and Mulholland, G.W.},
   title = {{The NIST 3~MW Quantitative Heat Release Rate Facility: Description and Procedures}},
   type = {NISTIR},
   institution = {National Institute of Standards and Technology},
   year = {September 2004},
   number = {7052},
   location = {Gaithersburg, Maryland},
}

@techreport{Bryner:2011,
   author = {Bryner, N.P. and Fuss, S.P. and Klein, B.W. and Putorti, A.D.},
   title = {{Technical study of the Sofa Super Store Fire, South Carolina, June 18, 2007}},
   type = {NIST Special Publication},
   institution = {National Institute of Standards and Technology},
   year = {2011},
   number = {1118},
   location = {Gaithersburg, Maryland},
}

@techreport{Budnick:1988,
   author = {Budnick, E. and Walton, W.D.},
   title = {{Quick Response Sprinklers in Office Configurations: Fire Test Results}},
   type = {Report},
   institution = {National Bureau of Standards (NIST)},
   year = {1988},
}

@article{Bukowski:1995,
   author = {Bukowski, R.W.},
   title = {{Modeling a Backdraft: The Fire at 62 Watts Street}},
   journaltitle = {NFPA Journal},
   year = {1995},
   volume = {Vol. 89, No. 6,},
   pages = {85-89},
}

@article{Bukowski:1992,
   author = {Bukowski, R.W. and Spetzler, R.C.},
   title = {{Analysis of the Happyland Social Club Fire With HAZARD I}},
   journaltitle = {Journal of Fire Protection Engineering},
   year = {1992},
   volume = {Vol. 4, No. 4,},
   pages = {117-131},
}

@techreport{Butler:1971,
   author = {Butler, C.P.},
   title = {{Notes on the charring rates in wood}},
   type = {Report},
   institution = {Fire Research Institute},
   year = {1971},
   number = {Fire Research Note 896},
}

@techreport{Cal:1980,
   author = {California, State of},
   title = {{Requirements, Test Procedures and Apparatus for Testing the Flame Retardance Of Upholstered Furniture}},
   type = {Technical Bulletin},
   institution = {State of California Department of Consumer Affairs},
   year = {1980},
   number = {116},
}

@techreport{Cal:2000,
   author = {California, State of},
   title = {{Requirements, Test Procedures and Apparatus for Testing the Flame Retardance of Resilient Filing Materials Used in Upholstered Furniture}},
   type = {Technical Bulletin},
   institution = {State of California},
   year = {2000},
   number = {117},
}

@techreport{Campbell:2014,
   author = {R. Campbell},
   title = {{Intentional Fires}},
   type = {Report},
   institution = {National Fire Protection Association},
   year = {April 2014},
   location = {Quincy, Massachusetts},
}

@techreport{Cetegen:1982,
   author = {Cetegen, B.M. and Kukoski, E.E. and Kubota, T.},
   title = {{Entrainment and Flame Geometry of Fire Plumes}},
   type = {Report},
   institution = {National Bureau of Standards},
   year = {August 1982},
   number = {NBS-GCR-82-402},
}

@article{Chan:1973,
   author = {Chan, T. and Napier, D.},
   title = {{Smoldering and Ignition of Cotton Fibers and Dust}},
   journaltitle = {Fire Prevention Science and Technology},
   year = {February 1973},
   volume = {no. 4},
   pages = {13-23},
}

@misc{Chasteen:2010,
   author = {Chasteen, C.},
   title = {Prevelence of the use of gasoline in arson fires},
   year = {April 2010},
   type = {Personal Communication},
   organization = {Division of the State Fire Marshal State of Florida},
}

@inbook{Chines:2003,
   author = {Chines, S.A. and Stull, J.O.},
   title = {{Fibers and Textiles}},
   booktitle = {Fire Protection Handbook},
   year = {2003},
   volume = {II},
   publisher = {National Fire Protection Association},
   location = {Quincy, MA},
   chapter = {Chapter 5, Section 8},
}

@inbook{Colonna:2003,
   author = {Colonna, G.R.},
   title = {{Plastics and Rubber}},
   booktitle = {Fire Protection Handbook},
   year = {2003},
   volume = {II},
   publisher = {National Fire Protection Association},
   location = {Quincy, MA},
   chapter = {Chapter 10, Section 8},
}

@techreport{Cooper:1998,
   author = {Cooper, L.Y. and Franssen, J.},
   title = {{A Basis for Using Fire Modeling With 1-D Thermal Analyses of Barriers/Partitions to Simulate 2-D and 3-D Barrier/Partition Structural Performance in Real Fires}},
   type = {Report},
   institution = {National Institute of Standards and Technology},
   year = {September 1998},
   number = {NISTIR 6170},
}

@manual{Medtherm,
   title = {{Series 64 Heat Flux Transducers}},
   year = {August 2003},
   organization = {Medtherm Corporation},
   location = {Huntsville, Alabama},
   note = {Bulletin 118}
}

@book{DeHaan:2012,
   author = {DeHaan, J.D. and Icove, D.J.},
   title = {{Kirkâ€™s Fire Investigation}},
   year = {2012},
   edition = {Seventh},
   publisher = {Pearson Prentice Hall},
   location = {Upper Saddle River, New Jersey},
}

@inproceedings{Delichatsios:1984,
   author = {Delichatsios, M.A.},
   editor = {Fire Science and Technology Laboratory},
   title = {{Flame Height in Turbulent Wall Fires with Significant Flame Radiation}},
   booktitle = {Fire Research Conference in honor of Howard Emmons},
   year = {1984},
   publisher = {Gordon and Breach Science Publishers, Inc. },
}

@techreport{Dillon:1998,
   author = {Dillon, S.E. and Kim, W.H. and Quintiere, J.G.},
   title= {{Determination of Properties and the Prediction of the Energy Release Rate of Materials in the ISO 9705 Room-corner Test}},
   type = {Report},
   institution = {National Institute of Standards and Technology, Building and Fire Research Laboratory},
   year = {1998},
}

@techreport{Donnelly:2006,
   author = {Donnelly, M. and Davis, W. and Lawson, J.R. and Selepak, M.},
   title = {{Thermal Environment for Electronic Equipment Used by First Responders}},
   type = {Report},
   institution = {National Institute of Standards and Technology, Building and Fire Research Laboratory},
   year = {2006},
}

@book{Drysdale:1998,
   author = {Drysdale, D.D.},
   title = {{An Introduction to Fire Dynamics}},
   year = {1998},
   publisher = {John Wiley & Sons},
   location = { West Sussex},
}

@article{Drysdale:1992,
   author = {Drysdale, D.D. and Macmillan, A.J.R. and Shilitto, D.},
   title = {{The King's Cross Fire: experimental verification of the 'trench effect'}},
   journaltitle = {Fire Safety Journal},
   year = {1992},
   volume = {18},
   pages = {75-82},
}

@techreport{Dublin,
   author = {Dublin, Tribunal of Inquiry Artane},
   title = {{Report of the Tribunal of Inquiry on the Fire at the Stardust}},
   type = {Report},
   institution = {Stationary Office},
   year = {1982},
}

@techreport{Dumont:1982,
   author = {Dumont, R. and Orr, H. and Lux, M.},
   title = {{Low Energy Prarie Housing}},
   type = {Report},
   institution = {Division of Building Research, National Research Council of Canada},
   year = {1982},
}

@techreport{Evarts:2011,
   author = {Evarts, B.},
   title = {{Home Fires That Began With Mattresses and Bedding}},
   type = {Report},
   institution = {National Fire Protection Association (NFPA)},
   year = {October 2011},
   url = {http://www.nfpa.org/research/reports-and-statistics/fire-causes/household-products/mattresses-and-bedding},
}

@book{Fennell:1988,
   author = {Fennell, D.},
   title = {{Investigation into the King's Cross Underground Fire}},
   year = {1988},
   publisher = {The Department of Transport},
   location = {London},
   ISBN = {ISBN 0-10-104992-7},
}

@MASTERSTHESIS{Fleury:Masters,
  author       = {Fleury, R.},
  title        = {{Evaluation of Thermal Radiation Models for Fire Spread Between Objects}},
  year         = {2010},
  address      = {Christchurch, New Zealand},
  school       = {University of Canterbury}
}

@techreport{Forney:2014,
   author = {G. Forney},
   title = {{Smokeview, A Tool for Visualizing Fire Dynamics Simulation Data}},
   type = {Special Publication},
   institution = {National Institute of Standards and Technology},
   year = {September 2014},
   location = {Gaithersburg, Maryland},
   number = {1017-1},
}

@inbook{Heskestad:SFPE,
   author = {G. Heskestad},
   title = {Handbook of Fire Protection Engineering},
   booktitle = {{Fire Plumes, Flame Height and Air Entrainment}},
   year = {2008},
   edition = {Fourth},
   publisher = {National Fire Protection Association},
   location = {Quincy, Massachusetts},
}

@techreport{Gann:2005,
   author = {Gann, R. and Hamins, A. and McGrattan, K. and Mullholland, G. and Nelson, H. and Ohlemiller, T. and Pitts, W. and Prasad, K.},
   title = {{Reconstruction of the Fires in the World Trade Center Towers. Federal Building and Fire Safety Investigation of the World Trade Center Disaster}},
   type = {Report},
   institution = {National Institute of Standards and Technology},
   year = {December 2005},
   number = {NCSTAR 1-5},
}

@techreport{Lawson:1999,
	author = {Lawson, J.R. and Twilley, W.H.},
	title = {Development of an Apparatus for Measuring the Thermal Performance of Fire Fighters' Protective Clothing},
	type = {report},
	institution = {National Institute of Standards and Technology},
	year = {October 1999},
	number = {NISTIR 6400},
}

@phdthesis{Goble:2007,
   author = {K. Goble},
   title = {{Height of Flames Projecting from Compartment Openings}},
   type = {Master's Thesis},
   institution = {University of Canterbury},
   year = {2007},
   location = {Christchurch, New Zealand},
}

@article{Graham:2001,
   author = {Graham, M.},
   title = {{Principles of attic ventilation}},
   journaltitle = {Professional Roofing Magazine},
   year = {January 2001},
}

@article{Grant:1995,
   author = {Grant, G.B. and Drysdale, D.D.},
   title = {{Numerical modelling of early fire spread in warehouse fire}},
   journaltitle = {Fire Safety Journal},
   year = {1995}
   volume = {24},
   pages = {247-278},
}

@TECHREPORT{Grosshandler:Station,
  author       = {W.L. Grosshandler and N. Bryner and D. Madrzykowski and K. Kuntz},
  title        = {{Report of the Technical Investigation of The Station Nightclub Fire}},
  type         = {NIST NCSTAR},
  number       = {2},
  institution  = {National Institute of Standards and Technology},
  address      = {Gaithersburg, MD},
  month        = {June},
  year         = {2005}
}

@article{Hamins:1991,
   author = {Hamins, A. and Klassen, M. and Gore, J. and Kashiwagi, T.},
   title = {{Estimate of Flame Radiance via a Single Location 
Measurement in Liquid Pool Fires}},
   journaltitle = {Combustion and Flame},
   year = {1991},
   volume = {86},
}

@article{Heskestad:1983,
   author = {Heskestad, G.},
   title = {{Luminous Heights of Turbulent Diffusion Flames}},
   journaltitle = {Fire Safety Journal},
   year = {1983},
   volume = {5},
}

@article{Heskestad:1984,
   author = {Heskestad, G.},
   title = {{Engineering Relations for Fire Plumes}},
   journaltitle = {Fire Safety Journal},
   year = {1984},
   volume = {7},
}

@INPROCEEDINGS{Hostikka:3,
  author       = {Hostikka, S. and McGrattan, K.B. and Hamins, A.},
  title        = {{Numerical Modeling of Pool Fires using Large Eddy Simulation and Finite Volume Method for Radiation}},
  booktitle    = {Fire Safety Science -- Proceedings of the Seventh International
                  Symposium},
  pages        = {383-394},
  year         = {2002},
  publisher    = "International Association for Fire Safety Science",
}

@book{Icove:2013,
   author = {Icove, D. and DeHaan, J. and Haynes, J.},
   title = {{Forensic Fire Scene Reconstruction}},
   year = {2013},
   publisher = {Pearson Education, Inc},
   location = {Upper Saddle River, NJ, USA},
}

@manual{Omega,
   title = {{The Temperature Handbook}},
   year = {2004},
   organization = {Omega Engineering, Inc.},
   location = {Stamford, Connecticut},
   volume = {MM},
}

@techreport{Isner:1986,
   author = {Isner, M.S.},
   title = {{High-Rise Office Building Fire, Alexis Nihon Plaza, Montreal, Canada}},
   type = {Report},
   institution = {National Fire Protection Association},
   year = {1986},
}

@techreport{McGraw:1999,
   author = {McGraw Jr, R.J.  and Mowrer, F.W.},
   title = {{Flammability and Dehydration of Painted Gypsum Wallboard Subjected to Fire Heat Fluxes}},
   type = {Report},
   institution = {International Association for Fire Safety Science (IAFSS)},
   year = {{July 5-9, 1999}},
   pages = {1003-1014},
}

@book{Janssen:1988,
   author = {Janssen, J.},
   title = {{Building with Bamboo: a Handbook}},
   year = {1988},
   publisher = {Intermediate Technology Publications},
   location = {London},
}

@techreport{Jones:2001,
   author = {Jones, B.},
   title = {{Performance of Gypsum Plasterboard Assemblies Exposed to Real Building Fires}},
   type = {Report},
   institution = {University of Canterbury},
   year = {2001},
}

@article{Karlsson:1993,
   author = {Karlsson, B.},
   title = {{A mathematical model for calculating heat release rate in the room corner test}},
   journaltitle = {Fire Safety Journal},
   year = {1993},
   volume = {20},
   pages = {93-113},
}

@book{Karlsson:2000,
   author = {Karlsson, B. and Quintiere, J.},
   title = {{Enclosure Fire Dynamics}},
   year = {2000},
   publisher = {CRC Press},
   address = {Boca Raton, FL, USA},
}

@techreport{Kerber:2010,
   author = {Kerber, S.},
   title = {{Impact of Ventilation on Fire Behavior in Legacy and Contemporary Residential Construction}},
   type = {Report},
   institution = {Underwriters Laboratories},
   year = {2010},
}

@techreport{Kerber:2004,
   author = {Kerber, S. and Bryner, N.},
   title = {{Simulation of the Dynamics of a Fire in the Basement of a Hardware Store - New York, June 17, 2001}},
   type = {Report},
   institution = {National Institute of Standards and Technology},
   year = {December  2004},
   number = {NISTIR 6510},
}

@techreport{Kerber:2009,
   author = {Kerber, S. and Madrzykowski, D.},
   title = {{Fire Fighting Tactics Under Wind Driven Fire Conditions: 7-Story Building Experiments}},
   type = {Report},
   institution = {National Institute of Standards and Technology},
   year = {April 2009},
}

@article{Khan:2008,
   author = {Khan, N. and Su, Y. and Riffat, S. and Biggs, C.},
   title = {{Performance testing and comparison of turbine ventilators}},
   journaltitle = {Renewable Energy},
   year = {January 2008},
   number = {33},
   pages = {2441-2447},
}

@techreport{Klem:1991,
   author = {Klem, T.J.},
   title = {{One Meridian Plaza, Philadelphia, PA, February 23, 1991}},
   type = {Report},
   institution = {National Fire Protection Association},
   year = {1991},
}

@techreport{Kokkala:1993,
   author = {Kokkala, M.A.},
   title = {{Characteristics of a Flame in an Open Corner of Walls}},
   type = {Report},
   institution = {VTT, Fire Technology Laboratory},
   year = {1993},
   location = {Espoo, Finland},
}

@book{Lentini:2006,
   author = {Lentini, J.J.},
   title = {{Scientific Protocols for Fire Investigation}},
   year = {2006},
   publisher = {Taylor \& Francis},
   location = {Boca Raton, Florida},
}

@inproceedings{Madrzykowski:Interflam,
   author = {Madrzykowski, D.},
   editor = {Franks, C A and Grayson, S},
   title = {{Office Work Station Heat Release Rate Study: Full Scale vs Bench Scale Proceedings}},
   booktitle = {7th International Interflam Conference},
   year = {1996},
   publisher = {Interscience Communications Ltd},
   pages = {47-55},

}

@techreport{Madrzykowski:2002,
   author = {Madrzykowski, D. and Forney, G. and Walton, D.},
   title = {{Simulation of the Dynamics of a Fire in a Two-Story Duplex - Iowa, December 22, 1999}},
   type = {Report},
   institution = {National Instutute of Standards and Technology},
   year = {January 2002},
   number = {NISTIR 6584},
}

@article{Madrzykowski:2010,
   author = {Madrzykowski , D. and Kerber, S.},
   title = {{Wind Driven Fire Research: Hazards and Tactics}},
   journaltitle = {Fire Engineering},
   year = {March 2010},
}

@techreport{Madrzykowski:2009,
   author = {Madrzykowski , D. and Kerber, S.},
   title = {{Fire Fighting Tactics Under Wind Driven Conditions: Laboratory Experiments}},
   type = {Report},
   institution = {National Institute of Standards and Technologies},
   year = {January 2009},
}

@article{Madrzykowski:1992,
   author = {Madrzykowski, D. and Vettori, R.L.},
   title = {{A Sprinkler Fire Suppression Algorithm}},
   journaltitle = {Journal of Fire Protection Engineering},
   year = {1992},
   volume = {4},
   number = {4},
   pages = {151-164},
}

@techreport{Madrzykowski:2000,
   author = {Madrzykowski, D. and Vettori, R.L.},
   title = {{Simulation of the dynamics of the fire at 3146 Cherry Road NE, Washington, D.C., May 30, 1999}},
   type = {Report},
   institution = {National Institute of Standards and Technology},
   year = {April 2000},
   number = {NISTIR 6510},
}

@techreport{Madrzykowski:2004,
   author = {Madrzykowski, D. and Walton, W.},
   title = {{Cook County Administration Building Fire, 69 West Washington, Chicago, Illinois, October 17, 2003: Heat Release Rate Experiments and FDS Simulations}},
   type = {Report},
   institution = {National Institute of Standards and Technology},
   year = {December 2004},
}

@manual{ASTM_C1055,
   author = {Materials, American Society for Testing and},
   title = {{ASTM C1055, Standard Guide for Heated Systems Surface Conditions that Produce Contact Burn Injuries,}},
   year = {2009},
   publisher = {American Society for Testing and Materials},
   location = {West Conshohocken, PA},
}

@techreport{McCaffrey:1979,
   author = {McCaffrey, B.J.},
   title = {{Purely Buoyant Diffusion Flames: Some Experimental Results}},
   type = {NBSIR},
   institution = {National Bureau of Standards (currently NIST)},
   year = {October 1979},
   location = {Gaithersburg, Maryland},
   number = {79-1910},
}

@techreport{McCaffrey:1982,
   author = {McCaffrey, B.J. and Cox, G.},
   title = {{Entrainment and Heat Flux of Buoyant Diffusion Flames}},
   type = {NBSIR},
   institution = {National Bureau of Standards},
   year = {February 1982},
   location = {Gaithersburg, Maryland},
   number = {82-2473},
}

@INPROCEEDINGS{McDermott:2011,
  author       = {R. McDermott and K. McGrattan and J. Floyd},
  title        = {A Simple Reaction Time Scale for Under-Resolved Fire Dynamics},
  booktitle    = {Fire Safety Science -- Proceedings of the 10th International Symposium},
  address      = {University of Maryland, College Park, Maryland, USA},
  year         = {2011},
  pages        = {809-820},
}

@techreport{McGrattan:2005,
   author = {McGrattan, K. and Bouldin , C. and Forney, G.},
   title = {{Computer Simulation of the Fires in the World Trade Center Towers}},
   type = {Report},
   institution = {National Institute of Standards and Technology},
   year = {September 2005},
}

@techreport{McGrattan:2014,
   author = {K. McGrattan and S. Hostikka and R. McDermott and J. Floyd and C. Weinschenk and K. Overholt},
   title = {{Fire Dynamics Simulator Technical Reference Guide}},
   type = {Special Publication},
   institution = {National Institute of Standards and Technology},
   year = {September 2014},
   number = {1018},
}

@TECHREPORT{McGrattan:2000,
  author       = {McGrattan, K.B. and Baum, H.R. and Hamins, A.},
  title        = {{Thermal Radiation from Large Fires}},
  institution  = {National Institute of Standards and Technology},
  year         = {2000},
  month        = {November},
  type         = {NISTIR},
  number       = {6546},
  address      = {Gaithersburg, Maryland},
}

@article{McGrattan:1998,
   author = {McGrattan, K.B. and Baum, H.R. and Rehm, R.G.},
   title = {{Large Eddy Simulations of Smoke Movement}},
   journaltitle = {Fire Safety Journal},
   year = {1998},
   volume = {30},
   pages = {161-178},
}

@techreport{McGrattan:1998,
   author = {McGrattan, K.B. and Hamins, A. and Stroup, D.W.},
   title = {{Sprinkler, Smoke and Heat Vent, Draft Curtain Interaction: Large Scale Experiments and Model Development}},
   type = {Report},
   institution = {National Institute of Standards and Technology},
   year = {1998},
   subtitle = {{International Fire Sprinkler-Smoke and Heat Vent-Draft Curtain Fire Test Project}},
   number = {NISTIR 6196-1},
}

@misc{Houston,
   author = {Members, Houston Fire Department},
   title = {{Voluntary Statements of Houston Fire Department Members to Houston Arson Bureau}},
   year = {2009},
}

@inproceedings{Mensch,
   author = {Mensch , A. and Bryner, N.},
   editor = {National Institute of Standards and Technology},
   title = {{Emergency First Responder Respirator Thermal Characteristics Workshop Proceedings}},
   booktitle = {{NIST SP - 1123}},
   year = {June 2011},
   type = {Conference Proceedings}
}

@article{Modak:1991,
   author = {Modak, A.},
   title = {{Thermal Radiation from Pool Fires}},
   journaltitle = {Combustion and Flame},
   year = {1977},
   volume = {29},
}



@techreport{Karter:2014,
   author = {M.J. Karter},
   title = {{Fire Loss in the United States During 2013}},
   type = {Report},
   institution = {National Fire Protection Association},
   year = {September 2014},
   location = {Quincy, Massachusetts},
   number = {FLX10-01},
}

@article{Moodie:1992,
   author = {Moodie, K.},
   title = {{The King's Cross Fire: Damage Assessment and Overview of the Technical Investigation}},
   journaltitle = {Fire Safety Journal},
   year = {1992},
   volume = {18},
}

@article{Moodie:1992b,
   author = {Moodie, K. and Jagger, S.F.},
   title = {{The King's Cross Fire: results and analysis from the scale model tests}},
   journaltitle = {Fire Safety Journal},
   year = {1992},
   volume = {18},
   pages = {83-103},
}

@article{Morris:1984,
   author = {Morris, W.A.},
   title = {{Stardust Disco Investigation - some observations on the full-scale fire tests}},
   journaltitle = {Fire Safety Journal},
   year = {1984},
   volume = {7},
   pages = {255-65},
}

@techreport{Mowrer:2001,
   author = {Mowrer, F.W.},
   title = {{The Effect of ``Blistering'' on the Ignition and Flammability of Painted Gypsum Wallboard}},
   type = {Report},
   institution = {National Institue of Standards and Technology (NIST)},
   year = {January 2001},
   number = {NIST GCR 01-804},
}

@techreport{Mowrer:2001,
   author = {Mowrer, F.W.},
   title = {{Flammability of Oil-Based Painted Gypsum Wallboard Subjected to Fire Heat Fluxes}},
   type = {Report},
   institution = {National Institute of Standards and Technology},
   year = {2001},
   number = {NIST GCR 01-805},
}

@techreport{Nelson:1989,
   author = {Nelson, H.E.},
   title = {{An Engineering View of the Fire of May 4, 1988 in the First Interstate Bank Building, Los Angeles, California}},
   type = {Report},
   institution = {National Institute of Standards and Technology},
   year = {1989},
   number = {NISTIR 89-4061},
}

@techreport{Nokes:2011,
   author = {Nokes, R.},
   title = {{Streams}},
   type = {Report},
   institution = {{University of Canterbury, Dept. of Civil and Natural Resources Engineering}},
   year = {February 2011},
   version = {Version 1.07},
   location = {Christchurch, New Zealand}
}

@book{Noon:1995,
   author = {Noon, R.},
   title = {{Engineering Analysis of Fires and Explosions}},
   year = {1995},
   publisher = {CRC Press},
   location = {Boca Raton, FL, USA},
}

@techreport{Ohlemiller:2000,
   author = {Ohlemiller, T. and Shields, J. and McLane, R. and Gann, R.},
   title = {{Flammability Assessment Methods for Mattresses }},
   type = {Report},
   institution = {National Institute of Standards and Technology},
   year = {June 2000},
}

@article{Olenick:2003,
   author = {S.M. Olenick and D.J. Carpenter},
   title = {{An Updated International Survey of Computer Models for Fire and Smoke}},
   journaltitle = {Journal of Fire Protection Engineering},
   year = {2003},
   volume = {13},
}

@techreport{Overholt:2014,
   author = {K.J. Overholt},
   title = {{Verification and Validation of Commonly Used Empirical Correlations for Fire Scenarios}},
   type = {NIST Special Publication},
   institution = {National Institute of Standards and Technology},
   year = {March 2014},
   location = {Gaithersburg, Maryland},
   number = {1169},
}

@TECHREPORT{Overholt:San_Francisco,
  author       = {Overholt, K.J. and Weinschenk, C.G. and Madrzykowski, D.},
  title        = {{Simulation of a Fire in a Hillside Residential Structure -- San Francisco, CA}},
  year         = {2014},
  institution  = {National Institute of Standards and Technology},
  type         = {{NIST Technical Note 1856}},
  address      = {Gaithersburg, Maryland}
}




@article{Pitts:2006,
   author = {Pitts, W.M. and Murthy, A.V. and de Ris, J.L. and Filtz, J.R. and Nygard, K. and Smith, D. and Wetterlund, I.},
   title = {{Round robin study of total flux gauge calibration at fire laboratories}},
   journaltitle = {Fire Safety Journal},
   year = {2006},
   volume = {41},
   pages = {459-475},
}

@inproceedings{Pitts:2001,
   author = {Pitts, W.M. and Braun, R.D. and Peacock, R.D. and Mitler, H.E. and Johnsson, E.L. and Reneke, P.A. and Blevins, L.G.},
   editor = {National Institute of Standards and Technology},
   title = {{Temperature Uncertainties for Bare-Bead and Aspirated Thermocouple}},
   booktitle = {{Thermal Measurements: The Foundation of Fire Standards}},
   year = {2001},
   organization = {American Society of Testing and Materials},
   series = {ASTM STP 1427},
   location = {Dallas, Texas},
}

@techreport{Popplewell:1986,
   author = {Popplewell, O.},
   title = {{Committee of Inquiry into Crowd Safety at Sports Grounds: Final Report}},
   type = {Report},
   institution = {HMSO},
   year = {1986},
}

@article{Poreh:1999,
   author = {Poreh, M. and Garrad, G.},
   title = {{A study of wall and corner fire plumes}},
   journaltitle = {Fire Safety Journal},
   year = {1999},
   volume = {34},
   number = {1},
   url = {www.elsevier.com/locate/firesaf},
}

@techreport{SFPE:1999,
   author = {Practices, The SFPE Task Group on Engineering},
   title = {{Assessing Flame Radiaiton to External Targets from Pool Fires}},
   type = {Engineering Guide},
   institution = {Society of Fire Protection Engineers (SFPE)},
   year = {June 1999},
}

@inproceedings{Prasad,
   author = {Prasad, K. and Kramer, R. and Marsh, N. and Nyden, M.},
   title = {{Numerical Simulation of Fire Spread on Polyurethane Foam Slabs.}},
   booktitle = {Fire and Materials 11th International Conference},
   year = {{January 26-28, 2009}}
}

@techreport{Putorti:1997,
   author = {Putorti, A.D.},
   title = {{Full Scale Room Burn Pattern Study}},
   type = {NIJ Report},
   institution = {National Institute of Justice},
   year = {December 1997},
   location = {Washington, D.C.},
   number = {601-97},
}

@book{Quintiere:1997,
   author = {Quintiere, J.Q.},
   title = {{Principles of Fire Behavior}},
   year = {1997},
   publisher = {Delmar Publishing Company},
   location = {Albany, New York, USA},
}

@book{Quintiere:2006,
   author = {Quintiere, J.Q.},
   title = {{Fundamentals of Fire Phenomena}},
   year = {2006},
   publisher = {John Wiley & Sons Ltd},
   location = {West Sussex, England},
}

@techreport{Quintiere:1985,
   author = {Quintiere, J. and Harkleroad, M. and Hasemi, Y.},
   title = {{Wall Flames and Implications for Upward Flame Spread}},
   type = {Report},
   institution = {National Institute of Standards and Technology},
   year = {September 19 1985},
}

@phdthesis{Richards:2008,
   author = {Richards, P.L.E.},
   title = {{Characterising A Design Fire for A Deliberately Lit Fire Scenerio}},
   type = {Thesis},
   institution = {University of Canterbury},
   year = {2008},
}

@article{Roberts:1992,
   author = {Roberts, A.F.},
   title = {{The King's Cross Fire: a correlation of eyewitness accounts and results of the scientific investigation}},
   journaltitle = {Fire Safety Journal},
   year = {1992},
   volume = {18},
   pages = {105-121},
}

@techreport{Rohr:2001,
   author = {K.D. Rohr},
   title = {{The U.S. Home Product Report, Forms and Types of Materials First Ignited in Fires: Flammable or Combustible Liquids}},
   type = {Report},
   institution = {National Fire Protection Association},
   year = {December 2001},
   location = {Quincy, Massachusetts},
}

@techreport{Rohr:2005,
   author = {K.D. Rohr},
   title = {{Products First Ignited in U.S. Home Fires}},
   type = {Report},
   institution = {National Fire Protection Association},
   year = {April 2005},
   location = {Quincy, Massachusetts},
}

@techreport{Saito:1993,
   author = {Saito, K.},
   title = {{Study of Fire Induced Flow Along the Vertical Corner Wall.Part 2}},
   type = {Report},
   institution = {National Institute of Standards and Technology},
   year = {April 1993},
   number = {NIST-GCR-93-628},
}

@misc{Schlesinger:2015,
   author = {Schlesinger, R.},
   title = {{The 2015 U.S. and World Populations}},
   year = {{2/21/2014}},
   howpublished = {http://www.usnews.com/opinion/blogs/robert-schlesinger/2014/12/31/us-population-2015-320-million-and-world-population-72-billion},
   organization = {US News},
   type = {Blog}
}

@techreport{Shanley:1997,
   author = {Shanley, J.},
   title = {{USFA Fire Burn Pattern Tests}},
   type = {Report},
   institution = {United States Fire Administration},
   year = {July 1997},
}

@article{Simcox:1992,
   author = {Simcox, S. and Wilkes, N.S. and Jones, I.P.},
   title = {{Computer Simulation of the Flows of Hot Gases from the Fire at King's Cross Underground Station}},
   journaltitle = {Fire Safety Journal},
   year = {1992},
   volume = {vol 18},
}

@techreport{Spearpoint:1999,
   author = {Spearpoint, M.},
   title = {{Predicting the Ignition and Burning of Wood in the Cone Calorimeter Using an Integral Mode}},
   type = {Report},
   institution = {National Institute of Standards and Technology},
   year = {1999},
}

@phdthesis{Stratton:2005,
   author = {Stratton, B.J.},
   title = {{Determining Flame Height And Flame Pulsation Frequency And Estimating Heat Release Rate From 3D Flame Reconstruction}},
   type = {Thesis},
   institution = {University of Canterbury},
   year = {2005},
}

@techreport{Stroup:2004,
   author = {Stroup, D.W. and Bryner, N.P. and Lee, J. and McElroy, J. and Roadarmel, G. and Twilley, W.H.},
   title = {{Structural Collapse Fire Tests: Single Story Wood Frame Structures}},
   type = {Report},
   institution = {National Institute of Standards and Technology},
   year = {2004},
   number = {NISTIR 7094},
}

@techreport{Stroup:2001,
   author = {Stroup, D.W. and DeLauter, L. and Lee, J. and Roadarmel, G.},
   title = {{Upholstered Chair Fire Tests Using a California Technical Bulletin 133 Burner Ignition Source}},
   type = {Report},
   institution = {National Institute of Standards and Technology},
   year = {2001},
   number = {Report of Test 4012},
}

@article{Sutula:2001,
   author = {J. Sutula},
   title = {{Practical Applications of The Fire Dynamics Simulator in Fire Protection Engineering Consulting}},
   journaltitle = {Fire Protection Engineering Magazine},
   year = {2001},
   volume = {15},
   pages = {27-31},
}

@inproceedings{Takahashi:1997,
   author = {Takahashi, W. and Tanaka, H. and Sugawa, O. and Ohtake, M.},
   editor = {International Association for Fire Safety Science},
   title = {{Flame and Plume Behavior in and near a Corner of Walls}},
   booktitle = {{Fire Safety Science-Proceeding of the Fifth International Symposium}},
   year = {1997},
}

@techreport{Taylor:1994,
   author = {Taylor, B.N. and Kuyatt, C.E.},
   title = {{Guidelines for Evaluating and Expressing the Uncertainty of NIST Measurement Results}},
   type = {NIST Technical Note},
   institution = {National Institute of Standards and Technology},
   year = {September 1994},
   location = {Gaithersburg, Maryland},
   number = {1297},
}

@book{Tewarson:SFPE,
   author = {Tewarson, A.},
   title = {{Generation of Heat and Gaseous, Liquid, and Solid Products in Fires, in The SFPE Handbook of Fire Protection Engineering}},
   year = {2008},
   publisher = {National Fire Protection Association},
   location = {Bethesda, MD},
}

@techreport{Thompson:1990,
   author = {Thompson, D. and Drysdale, H.},
   title = {{Ignition of PUFs: A Comparison of Modified and Unmodified Foams}},
   type = {Report},
   institution = {University of Edinburgh},
   year = {1990}
}

@techreport{Vettori:2000,
   author = {Vettori, R. and Madrzykowski, D.},
   title = {{Simulation of the Dynamics of the Fire at 3146 Cherry Road NE Washington D.C., May 30, 1999}},
   type = {NISTIR},
   institution = {National Institute of Standards and Technology},
   year = {April 2000},
   location = {Gaithersburg Maryland},
   number = {6510},
}

@techreport{Vettori:2002,
   author = {Vettori, R. and Madrzykowski, D. and Walton, W.},
   title = {{Simulation of the Dynamics of a Fire in a One-Story Restaurant -- Texas, February 14, 2000}},
   type = {NISTIR},
   institution = {National Institute of Standards and Technology},
   year = {October  2002},
   location = {Gaithersburg, Maryland},
}

@article{Watanabe:2004,
   author = {Watanabe, J. and Takeyoshi, T.},
   title = {{Experimental Investigation into Penetration of a Weak Fire Plume into a Hot Upper Layer}},
   journaltitle = {Journal of Fire Sciences},
   year = {2004},
   volume = {22},
   pages = {405-420},
}

@TECHREPORT{Weinschenk:Chicago,
  author       = {Weinschenk, C.G. and Overholt, K.J. and Madrzykowski, D.},
  title        = {{Simulation of an Attic Fire in a Wood Frame Residential Structure -- Chicago, IL}},
  year         = {2014},
  institution  = {National Institute of Standards and Technology},
  type         = {{NIST Technical Note 1838}},
  address      = {Gaithersburg, Maryland}
}



@book{Wilkes:2005,
   author = {Wilkes, C. and Summers, J. and Daniels, C. and Berard, M.},
   title = {{PVC Handbook}},
   year = {2005},
   publisher = {Hanser Verlag},
}

@book{Wilkes:1950,
   author = {Wilkes, G.},
   title = {{Heat Insulation}},
   year = {1950},
   publisher = {John Wiley & Sons},
}

@techreport{Woo:1997,
   author = {Woo, K.H.},
   title = {{Final Report of the Inquiry into the Garley Building Fire on 20th November 1996}},
   type = {Report},
   institution = {Government Printer},
   year = {1997},
}

@article{Woodburn:1998,
   author = {Woodburn, P. and Drysdale, D.D.},
   title = {{Fire in Inclined Trenches: time-varying features of the attached plume}},
   journaltitle = {Fire Safety Journal},
   year = {1998},
   volume = {31},
   pages = {165-1172},
}

@article{Woodburn:1998b,
   author = {Woodburn, P. and Drysdale, D.D.},
   title = {{Fire in Inclined Trenches: the dependence of the critical angle on the trench and burner geometry}},
   journaltitle = {Fire Safety Journal},
   year = {1998},
   volume = {31},
   pages = {143-164},
}

@misc{Yahoo:2012,
   author = {Yahoo, Zillow Real Estate Network},
   title = {{1100 Prospect Pl, Brooklyn, NY 11213 - Zillow}},
   year = {November 2012},
   howpublished = {http://www.zillow.com/homedetails/1100-Prospect-Pl-Brooklyn-NY-11213/30592028_zpid},
   type = {Online Multimedia}
}

@manual{BNZ:MSDS,
	author = {BNZ},
	title = {{Marinite}},
	year = {June 2012},
	subtitle = {MSDS BNZ 20-105},
	edition = {Rev 02},
	url = {http://www.bnzmaterials.com/wp-content/uploads/2013/03/BNZ-20-105-Marinite-I-M-P-IL-ML-FD-MBI-MSDS.pdf},
	urlyear = {04/04/2015},
}

@manual{Marinite:1997,
	author = {{BNZ Materials Inc}},
	title = {Marinite I: Refractory Products, Fire-Resistant Thermal, Structural Insulation},
	year = {November 1997},
	edition = {{BNZ R-3261-W}},
	howpublished = {http://www.bnzmaterials.com/wp-content/uploads/2013/03/Mar-I.pdf},
	urlyear = {04/04/2015},
}
@report{Gross:1985,
    author = {D. Gross},
    title = {Data Sources for Parameters Used in Predictive Modeling of Fire Growth and Smoke Spread},
    type = {report},
    institution = {National Bureau of Standards},
    year = {September 1985},
}

@manual{BNZ:2012,
	ALTauthor = {BNZ Materials},
	ALTeditor = {editor},
	title = {MariniteÂ®},
	year = {June 11, 2012},
	OPTsubtitle = {MSDS BNZ 20-105}
}

@manual{BNZ:97,
	ALTauthor = {BNZ Materials, Inc},
	title = {MariniteÂ® I},
	year = {11/97},
	OPTsubtitle = {Refractory Products},
	OPTtitleaddon = {Fire-Resistant Thermal,Structural Insulation},
}

@thesis{Schroeder:1999,
	author = {R.A. Schroeder},
	title = {Post-Analysis of Construction Materials},
	type = {Doctor Of Engineering},
	institution = {University of California, Berkeley},
	year = {1999},
}
