@TECHREPORT{NIOSH:Bowyer,
  author       = {Bowyer, M.E. and Wertman, S.C. and Loflin, M.},
  title        = {{Career Captain Sustains Injuries at a 2-1/2 Story Apartment Fire then Dies at Hospital           
                 $-$ Illinois}},
  institution  = {{NIOSH Fire Fighter Fatality Investigation and Prevention Program}},
  type         = {{NIOST F2012-28}},
  year         = {2013},
}

@BOOK{babrauskas1990,
  title        = {Heat release in fires},
  author       = {Babrauskas, V. and Grayson, S.},
  year         = {1990},
  publisher    = {Taylor \& Francis}
}

@TECHREPORT{barowy:texas,
  author       = {Barowy, Adam and Madrzykowski, Daniel},
  title        = {Simulation of the Dynamics of a Wind-driven Fire in a Ranch-style House, Texas},
  institution  = {National Institute of Standards and Technology, Fire Research Division Engineering Laboratory},
  type         = {TN 1729},
  year         = {2012},
}